@ARTICLE{graefe:survey,
	AUTHOR = "Goetz Graefe",
	TITLE = "A survey of B-tree locking techniques",
	JOURNAL = "ACM Transactions on Database Systems",
	VOLUME = {35},
	NUMBER = {2},
	YEAR = {2010}	}

@ARTICLE{sultana:lockfree,
	AUTHOR = "Afroza Sultana, Helen Cameron, Peter Graham",
	JOURNAL = "DUNNO",
	VOLUME = {0},
	NUMBER = {0},
	YEAR = {2010} }

@ARTICLE{lehman:locking,
	AUTHOR = "Efficient Locking for Concurrent Operations on B-Trees",
	JOURNAL = "ACM Transactions on Database Systems",
	VOLUME = {6},
	NUMBER = {4},
	MONTH = "December",
	PAGES = {650-670},
	YEAR = {1987} }

