@ARTICLE{graefe:survey,
	AUTHOR = "Goetz Graefe",
	TITLE = "A survey of B-tree locking techniques",
	JOURNAL = "ACM Transactions on Database Systems",
	VOLUME = {35},
	NUMBER = {2},
	YEAR = {2010}	}

@ARTICLE{sultana:lockfree,
	AUTHOR = "Afroza Sultana, Helen Cameron, Peter Graham",
	TITLE = "Concurrent B-trees with Lock-free Techniques",
  JOURNAL = "DUNNO",
	VOLUME = {0},
	NUMBER = {0},
	YEAR = {2010} }

@ARTICLE{lehman:locking,
	AUTHOR = "Philip L. Lehman and S. Bing Yao",
  TITLE = "Efficient Locking for Concurrent Operations on B-Trees",
	JOURNAL = "ACM Transactions on Database Systems",
	VOLUME = {6},
	NUMBER = {4},
	MONTH = "December",
	PAGES = {650-670},
	YEAR = {1987} }

@ARTICLE{bender:cache,
  AUTHOR = "Michael A. Bender, Jermey T. Fineman, Seth Gilbert, Bradely C. Kuszmaul",
  TITLE = "Concurrent Cache-Oblivious B-Trees",
  YEAR = {2005} }

@ARTICLE{lim:blink,
  AUTHOR = "Sung-Chae Lim, Joonseon Ahn, and Myoung Ho Kim",
  TITLE = "A Concurrent Blink-Tree Algorithm Using a Cooperative Locking Protocol",
  YEAR = {2003} }

